<?xml version="1.0" encoding="UTF-8"?><collection xmlns="http://www.loc.gov/MARC21/slim"><record><leader>00460nam--2200133-i-4500</leader><controlfield tag="001">000012833</controlfield><controlfield tag="002">20161230</controlfield><controlfield tag="005">20161230201030</controlfield><controlfield tag="008">060222s1000------------r-----000-0-eng-d</controlfield><datafield ind1=" " ind2=" " tag="080"><subfield code="a">549:538.971(043)</subfield></datafield><datafield ind1=" " ind2=" " tag="100"><subfield code="a">Boutouaba, Derradji</subfield></datafield><datafield ind1=" " ind2=" " tag="245"><subfield code="a">Influence de l`etat de surface sur l`intensite du rayonnement de fluorescence x. spectre kc du silicium dans differents mineraux. these</subfield></datafield><datafield ind1=" " ind2=" " tag="260"><subfield code="a">Partis, Universite Pierre Et Marie-curie, 1978 60 P</subfield></datafield><datafield ind1=" " ind2=" " tag="852"><subfield code="a">46458</subfield></datafield></record></collection>